@ARTICLE{opportunity,
  author={Daniel Roggen, Alberto Calatroni, Mirco Rossi, Thomas Holleczek, Gerhard Tröster, Paul Lukowicz, Gerald Pirkl, David Bannach, Alois Ferscha, Jakob Doppler, Clemens Holzmann, Marc Kurz, Gerald Holl, Ricardo Chavarriaga, Hesam Sagha, Hamidreza Bayati, and José del R. Millàn},
  journal={Seventh International Conference on Networked Sensing Systems (INSS’10), Kassel, Germany }, 
  title={Collecting complex activity data sets in highly rich networked sensor environments}, 
  year={2010}}


@Inbook{Jolliffe2011,
author="Jolliffe, Ian",
editor="Lovric, Miodrag",
title="Principal Component Analysis",
bookTitle="International Encyclopedia of Statistical Science",
year="2011",
publisher="Springer Berlin Heidelberg",
address="Berlin, Heidelberg",
pages="1094--1096",
isbn="978-3-642-04898-2",
doi="10.1007/978-3-642-04898-2_455",
url="https://doi.org/10.1007/978-3-642-04898-2_455"
}

@inproceedings{sklearn_api,
  author    = {Lars Buitinck and Gilles Louppe and Mathieu Blondel and
               Fabian Pedregosa and Andreas Mueller and Olivier Grisel and
               Vlad Niculae and Peter Prettenhofer and Alexandre Gramfort
               and Jaques Grobler and Robert Layton and Jake VanderPlas and
               Arnaud Joly and Brian Holt and Ga{\"{e}}l Varoquaux},
  title     = {{API} design for machine learning software: experiences from the scikit-learn
               project},
  booktitle = {ECML PKDD Workshop: Languages for Data Mining and Machine Learning},
  year      = {2013},
  pages = {108--122},
}



@inproceedings{kmeans,
  author    = {Lloyd, S. P. },
  title     = {Least squares quantization in PCM.},
  booktitle = {Technical Report RR-5497, Bell Lab, September.},
  year      = {1957},
}


@article{JMLR:v21:20-091,
  author  = {Romain Tavenard and Johann Faouzi and Gilles Vandewiele and
             Felix Divo and Guillaume Androz and Chester Holtz and
             Marie Payne and Roman Yurchak and Marc Ru{\ss}wurm and
             Kushal Kolar and Eli Woods},
  title   = {Tslearn, A Machine Learning Toolkit for Time Series Data},
  journal = {Journal of Machine Learning Research},
  year    = {2020},
  volume  = {21},
  number  = {118},
  pages   = {1-6},
  url     = {http://jmlr.org/papers/v21/20-091.html}
}


@article{dtw,
  author  = {H. Sakoe, S. Chiba},
  title   = {Dynamic programming algorithm optimization for spoken word recognition},
  journal = {IEEE Transactions on Acoustics, Speech and Signal Processing},
  year    = {1978},
  volume  = {26},
  pages   = {43–49},
}

@Misc{tsai,
    author =       {Ignacio Oguiza},
    title =        {tsai - A state-of-the-art deep learning library for time series and sequential data},
    howpublished = {Github},
    year =         {2022},
    url =          {https://github.com/timeseriesAI/tsai}
}

@article{Ismail_Fawaz_2020,
	doi = {10.1007/s10618-020-00710-y},
  
	url = {https://doi.org/10.1007%2Fs10618-020-00710-y},
  
	year = 2020,
	month = {sep},
  
	publisher = {Springer Science and Business Media {LLC}
},
  
	volume = {34},
  
	number = {6},
  
	pages = {1936--1962},
  
	author = {Hassan Ismail Fawaz and Benjamin Lucas and Germain Forestier and Charlotte Pelletier and Daniel F. Schmidt and Jonathan Weber and Geoffrey I. Webb and Lhassane Idoumghar and Pierre-Alain Muller and Fran{\c{c}}ois Petitjean},
  
	title = {{InceptionTime}: Finding {AlexNet} for time series classification},
  
	journal = {Data Mining and Knowledge Discovery}
}
